<?xml version="1.0" encoding="UTF-8"?><collection xmlns="http://www.loc.gov/MARC21/slim"><record><leader>00544nam--2200169-i-4500</leader><controlfield tag="001">000013887</controlfield><controlfield tag="002">20161230</controlfield><controlfield tag="005">20170212003805</controlfield><controlfield tag="008">060222s1000------------r-----000-0-eng-d</controlfield><datafield ind1=" " ind2=" " tag="100"><subfield code="a">Eiby, G. A</subfield></datafield><datafield ind1=" " ind2=" " tag="245"><subfield code="a">Crystal structure project. The Wellington profile. The seismic energy and magnitude of the explosion. The Pencarrow profile</subfield></datafield><datafield ind1=" " ind2=" " tag="260"><subfield code="a">Wellington</subfield><subfield code="b">Department Of Scientific And Industrial Research</subfield><subfield code="c">1975</subfield></datafield><datafield ind1=" " ind2=" " tag="300"><subfield code="a">40 p</subfield></datafield><datafield ind1=" " ind2=" " tag="490"><subfield code="a">Geophysical Memoir</subfield></datafield><datafield ind1=" " ind2=" " tag="700"><subfield code="a">Dibble, R. R</subfield></datafield><datafield ind1=" " ind2=" " tag="852"><subfield code="a">550.3</subfield></datafield><datafield ind1=" " ind2=" " tag="CAT"><subfield code="a">SYS</subfield><subfield code="c">20170212</subfield><subfield code="h">003805</subfield></datafield></record></collection>